<?xml version="1.0" encoding="UTF-8"?><collection xmlns="http://www.loc.gov/MARC21/slim"><record><leader>00467nam--2200157-i-4500</leader><controlfield tag="001">000043516</controlfield><controlfield tag="002">20161230</controlfield><controlfield tag="005">20161230201044</controlfield><controlfield tag="008">060222s1000------------r-----000-0-eng-d</controlfield><datafield ind1=" " ind2=" " tag="040"><subfield code="a">IFIN-HH</subfield></datafield><datafield ind1=" " ind2=" " tag="080"><subfield code="a">518.2</subfield></datafield><datafield ind1=" " ind2=" " tag="245"><subfield code="a">Tables of sines and cosines for radian arguments</subfield></datafield><datafield ind1=" " ind2=" " tag="260"><subfield code="a">WASHINGTON, UNITED STATES DEPARTEMENT OF COMMERCE, 1955. XI+278 p</subfield></datafield><datafield ind1=" " ind2=" " tag="490"><subfield code="a">Nat.Bureau Of Standards, Appl.Math.Series</subfield></datafield><datafield ind1=" " ind2=" " tag="852"><subfield code="a">10784</subfield><subfield code="c">518.2</subfield></datafield><datafield ind1=" " ind2=" " tag="CAT"><subfield code="a">Sys</subfield><subfield code="c">20090731</subfield><subfield code="h">092317</subfield></datafield></record></collection>